<?xml version="1.0" encoding="UTF-8"?><collection xmlns="http://www.loc.gov/MARC21/slim"><record><leader>00538nam--2200193-i-4500</leader><controlfield tag="001">000001542</controlfield><controlfield tag="002">20161230</controlfield><controlfield tag="005">20161230201024</controlfield><controlfield tag="008">060222s1000------------r-----000-0-rus-d</controlfield><datafield ind1=" " ind2=" " tag="040"><subfield code="a">IFIN-HH</subfield></datafield><datafield ind1=" " ind2=" " tag="041"><subfield code="a">rus</subfield></datafield><datafield ind1=" " ind2=" " tag="080"><subfield code="a">537.529:537.226</subfield></datafield><datafield ind1="1" ind2=" " tag="100"><subfield code="a">Whitehead, S</subfield></datafield><datafield ind1="1" ind2="0" tag="245"><subfield code="a">Proboi tverdih dielektrikov</subfield><subfield code="c">S. whitehead</subfield></datafield><datafield ind1=" " ind2=" " tag="260"><subfield code="a">Moskva</subfield><subfield code="b">Elektriceskoe Isdatelstvo</subfield><subfield code="c">1957</subfield></datafield><datafield ind1=" " ind2=" " tag="300"><subfield code="a">270P</subfield></datafield><datafield ind1=" " ind2=" " tag="500"><subfield code="a">Titlul Original In Limba Engleza: Dieletric Breakdown Of Solids</subfield></datafield><datafield ind1=" " ind2=" " tag="852"><subfield code="a">75207</subfield><subfield code="c">537.226</subfield></datafield><datafield ind1=" " ind2=" " tag="CAT"><subfield code="a">Sys</subfield><subfield code="c">20110707</subfield><subfield code="h">133839</subfield></datafield></record></collection>